
@incollection{bach_background_1989,
	address = {Albany, NY},
	title = {Background and {Beginning}},
	url = {https://uofi.box.com/s/lfqsrzjkhzdzml9d2g5w0ndtyvn0ndom},
	booktitle = {Informal {Lectures} on {Formal} {Semantics}},
	publisher = {SUNY Press},
	author = {Bach, Emmon},
	year = {1989},
	keywords = {semantics1},
	pages = {1--17}
}

@incollection{rosen_languages_1988,
	address = {New York},
	title = {Languages and {Grammars}},
	url = {https://uofi.box.com/s/nomrry0e4cone88xvnciaf14gg93t68h},
	booktitle = {Discrete {Mathematics} and its {Applications}},
	publisher = {Random House},
	author = {Rosen, Kenneth H.},
	year = {1988},
	keywords = {syntax1},
	pages = {552--563}
}

@techreport{hitzler_owl_2012,
	type = {W3 {Recommendation}},
	title = {{OWL} 2 {Web} {Ontology} {Language} {Primer}},
	url = {http://www.w3.org/TR/owl2-primer/},
	institution = {World Wide Web Consortium},
	author = {Hitzler, Pascal and Krötzsch, Markus and Parsia, Bijan and Patel-Schneider, Peter F. and Rudolph, Sebastian},
	year = {2012},
	keywords = {ontologies2, owl1}
}

@unpublished{partee_basic_2006,
	title = {Basic {Concepts} of {Set} {Theory}, {Functions} and {Relations}},
	shorttitle = {Partee lecture notes},
	url = {http://people.umass.edu/partee/NZ_2006/Set%20Theory%20Basics.pdf},
	abstract = {Based on: Chapters 1 and 2 of Partee, Barbara H., Meulen, Alice ter, and Wall, Robert.
1990. Mathematical Methods in Linguistics. Dordrecht: Kluwer. Also “Preliminaries” from
Partee 1979, Fundamentals of Mathematics for Linguistics.},
	author = {Partee, Barbara H.},
	month = mar,
	year = {2006},
	keywords = {functions1, relations1, sets1}
}

@incollection{van_benthem_chapter_2014,
	address = {Amsterdam, NL},
	title = {Chapter 2: {Propositional} {Logic}},
	url = {http://www.logicinaction.org/docs/ch2.pdf},
	booktitle = {Logic in {Action}},
	publisher = {Logic in Action Open Course Project},
	author = {van Benthem, Johan and van Ditmarsch, Hans and van Eijck, Jan and Jaspars, Jan},
	year = {2014},
	keywords = {logic0},
	pages = {2.1--2.37}
}

@incollection{van_benthem_chapter_2014-1,
	address = {Amsterdam, NL},
	title = {Chapter 4: {The} {World} {According} to {Predicate} {Logic}},
	url = {http://www.logicinaction.org/docs/ch4.pdf},
	booktitle = {Logic in {Action}},
	publisher = {Logic in Action Open Course Project},
	author = {van Benthem, Johan and van Ditmarsch, Hans and van Eijck, Jan and Jaspars, Jan},
	year = {2014},
	keywords = {logic1},
	pages = {4.1--4.53}
}

@article{krotzsch_description_2012,
	title = {A {Description} {Logic} {Primer}},
	url = {http://arxiv.org/abs/1201.4089},
	journal = {arXiv preprint arXiv:1201.4089},
	author = {Krötzsch, Markus and Simancík, František and Horrocks, Ian},
	year = {2012},
	keywords = {logic4, ontologies3}
}

@incollection{seidl_introduction_2015,
	address = {Cham, Germany},
	title = {Introduction},
	isbn = {978-3-319-12742-2},
	url = {http://dx.doi.org/10.1007/978-3-319-12742-2_1},
	booktitle = {{UML} @ {Classroom}: {An} {Introduction} to {Object}-{Oriented} {Modeling}},
	publisher = {Springer International Publishing},
	author = {Seidl, Martina and Scholz, Marion and Huemer, Christian and Kappel, Gerti},
	editor = {Seidl, Martina and Scholz, Marion and Huemer, Christian and Kappel, Gerti},
	year = {2015},
	pages = {1--5}
}

@incollection{seidl_class_2015,
	address = {Cham, Germany},
	title = {The {Class} {Diagram}},
	isbn = {978-3-319-12742-2},
	url = {http://dx.doi.org/10.1007/978-3-319-12742-2_4},
	booktitle = {{UML} @ {Classroom}: {An} {Introduction} to {Object}-{Oriented} {Modeling}},
	publisher = {Springer International Publishing},
	author = {Seidl, Martina and Scholz, Marion and Huemer, Christian and Kappel, Gerti},
	editor = {Seidl, Martina and Scholz, Marion and Huemer, Christian and Kappel, Gerti},
	year = {2015},
	pages = {49--84}
}

@incollection{levene_relational_1999,
	address = {London},
	title = {The {Relational} {Data} {Model}},
	isbn = {978-0-85729-349-7},
	url = {http://dx.doi.org/10.1007/978-0-85729-349-7_3},
	booktitle = {A {Guided} {Tour} of {Relational} {Databases} and {Beyond}},
	publisher = {Springer London},
	author = {Levene, Mark and Loizou, George},
	year = {1999},
	pages = {85--94}
}

@techreport{manola_rdf_2014,
	address = {Cambridge, MA},
	type = {W3C {Working} {Group} {Note}},
	title = {{RDF} 1.1 {Primer}},
	url = {https://www.w3.org/TR/2014/NOTE-rdf11-primer-20140624/},
	number = {24},
	institution = {World Wide Web Consortium},
	author = {Manola, Frank and Miller, Eric and McBride, Brian},
	collaborator = {Schreiber, Guus and Raimond, Yves},
	month = jun,
	year = {2014}
}

@article{kent_simple_1983,
	title = {A {Simple} {Guide} to {Five} {Normal} {Forms} in {Relational} {Database} {Theory}},
	volume = {26},
	issn = {0001-0782},
	url = {http://doi.acm.org.proxy2.library.illinois.edu/10.1145/358024.358054},
	doi = {10.1145/358024.358054},
	number = {2},
	journal = {Communications of the ACM},
	author = {Kent, William},
	month = feb,
	year = {1983},
	keywords = {design},
	pages = {120--125}
}

@incollection{jubien_numbers_1997,
	address = {Cambridge MA},
	title = {Numbers},
	url = {https://courseweb.lis.illinois.edu/lis/2014fa/lis590ro/readings/Jubien97ch2-3.pdf},
	booktitle = {Contemporary {Metaphysics}: {An} {Introduction}},
	publisher = {Blackwell},
	author = {Jubien, Michael},
	year = {1997},
	pages = {24--35}
}

@incollection{jubien_platonism_1997,
	address = {Cambridge MA},
	title = {Platonism},
	url = {https://courseweb.lis.illinois.edu/lis/2014fa/lis590ro/readings/Jubien97ch2-3.pdf},
	booktitle = {Contemporary {Metaphysics}: {An} {Introduction}},
	publisher = {Blackwell},
	author = {Jubien, Michael},
	year = {1997},
	pages = {36--62}
}

@incollection{bach_worlds_1989,
	address = {Albany, NY},
	title = {Worlds {Enough} and {Time}.},
	url = {https://uofi.box.com/s/lfqsrzjkhzdzml9d2g5w0ndtyvn0ndom},
	booktitle = {Informal {Lectures} on {Formal} {Semantics}},
	publisher = {SUNY Press},
	author = {Bach, Emmon},
	year = {1989},
	keywords = {semantics1},
	pages = {19--32}
}

@techreport{wenholz_relational_2012,
	title = {Relational {Algebra}: a {Brief} {Introduction}},
	url = {http://buzzard.ups.edu/courses/2012spring/projects/wenholz-relational-algebra-ups-434-2012.pdf},
	institution = {University of Puget Sound},
	author = {Wenholz, Kyle},
	month = apr,
	year = {2012}
}