
@incollection{bach_background_1989,
	address = {Albany, NY},
	title = {Background and {Beginning}},
	url = {https://uofi.box.com/s/lfqsrzjkhzdzml9d2g5w0ndtyvn0ndom},
	booktitle = {Informal {Lectures} on {Formal} {Semantics}},
	publisher = {SUNY Press},
	author = {Bach, Emmon},
	year = {1989},
	keywords = {semantics1},
	pages = {1--17}
}

@incollection{rosen_languages_2011,
	address = {New York},
	title = {Languages and {Grammars}},
	booktitle = {Discrete {Mathematics} and its {Applications}},
	publisher = {McGraw-Hill},
	author = {Rosen, Kenneth H.},
	year = {2011},
	keywords = {syntax1},
	pages = {847--857}
}

@techreport{hitzler_owl_2012,
	type = {W3 {Recommendation}},
	title = {{OWL} 2 {Web} {Ontology} {Language} {Primer}},
	url = {http://www.w3.org/TR/owl2-primer/},
	institution = {World Wide Web Consortium},
	author = {Hitzler, Pascal and Krötzsch, Markus and Parsia, Bijan and Patel-Schneider, Peter F. and Rudolph, Sebastian},
	year = {2012},
	keywords = {ontologies2, owl1}
}

@incollection{van_benthem_chapter_2014,
	address = {Amsterdam, NL},
	title = {Chapter 2: {Propositional} {Logic}},
	url = {http://www.logicinaction.org/docs/ch2.pdf},
	booktitle = {Logic in {Action}},
	publisher = {Logic in Action Open Course Project},
	author = {van Benthem, Johan and van Ditmarsch, Hans and van Eijck, Jan and Jaspars, Jan},
	year = {2014},
	keywords = {logic0},
	pages = {2.1--2.37}
}

@incollection{van_benthem_chapter_2014-1,
	address = {Amsterdam, NL},
	title = {Chapter 4: {The} {World} {According} to {Predicate} {Logic}},
	url = {http://www.logicinaction.org/docs/ch4.pdf},
	booktitle = {Logic in {Action}},
	publisher = {Logic in Action Open Course Project},
	author = {van Benthem, Johan and van Ditmarsch, Hans and van Eijck, Jan and Jaspars, Jan},
	year = {2014},
	keywords = {logic1},
	pages = {4.1--4.53}
}

@incollection{seidl_introduction_2015,
	address = {Cham, Germany},
	title = {Introduction},
	isbn = {978-3-319-12742-2},
	url = {http://dx.doi.org/10.1007/978-3-319-12742-2_1},
	booktitle = {{UML} @ {Classroom}: {An} {Introduction} to {Object}-{Oriented} {Modeling}},
	publisher = {Springer International Publishing},
	author = {Seidl, Martina and Scholz, Marion and Huemer, Christian and Kappel, Gerti},
	editor = {Seidl, Martina and Scholz, Marion and Huemer, Christian and Kappel, Gerti},
	year = {2015},
	pages = {1--5}
}

@incollection{seidl_class_2015,
	address = {Cham, Germany},
	title = {The {Class} {Diagram}},
	isbn = {978-3-319-12742-2},
	url = {http://dx.doi.org/10.1007/978-3-319-12742-2_4},
	booktitle = {{UML} @ {Classroom}: {An} {Introduction} to {Object}-{Oriented} {Modeling}},
	publisher = {Springer International Publishing},
	author = {Seidl, Martina and Scholz, Marion and Huemer, Christian and Kappel, Gerti},
	editor = {Seidl, Martina and Scholz, Marion and Huemer, Christian and Kappel, Gerti},
	year = {2015},
	pages = {49--84}
}

@techreport{manola_rdf_2014,
	address = {Cambridge, MA},
	type = {W3C {Working} {Group} {Note}},
	title = {{RDF} 1.1 {Primer}},
	url = {https://www.w3.org/TR/2014/NOTE-rdf11-primer-20140624/},
	number = {24},
	institution = {World Wide Web Consortium},
	author = {Manola, Frank and Miller, Eric and McBride, Brian},
	collaborator = {Schreiber, Guus and Raimond, Yves},
	month = jun,
	year = {2014}
}

@incollection{jubien_platonism_1997,
	address = {Cambridge MA},
	title = {Platonism},
	url = {https://courseweb.lis.illinois.edu/lis/2014fa/lis590ro/readings/Jubien97ch2-3.pdf},
	booktitle = {Contemporary {Metaphysics}: {An} {Introduction}},
	publisher = {Blackwell},
	author = {Jubien, Michael},
	year = {1997},
	pages = {36--62}
}

@incollection{bach_worlds_1989,
	address = {Albany, NY},
	title = {Worlds {Enough} and {Time}.},
	url = {https://uofi.box.com/s/lfqsrzjkhzdzml9d2g5w0ndtyvn0ndom},
	booktitle = {Informal {Lectures} on {Formal} {Semantics}},
	publisher = {SUNY Press},
	author = {Bach, Emmon},
	year = {1989},
	keywords = {semantics1},
	pages = {19--32}
}

@techreport{wenholz_relational_2012,
	title = {Relational {Algebra}: a {Brief} {Introduction}},
	url = {http://buzzard.ups.edu/courses/2012spring/projects/wenholz-relational-algebra-ups-434-2012.pdf},
	institution = {University of Puget Sound},
	author = {Wenholz, Kyle},
	month = apr,
	year = {2012}
}

@techreport{beckett_rdf_2014,
	type = {W3 {Recommendation}},
	title = {{RDF} 1.1 {Turtle}},
	url = {https://www.w3.org/TR/turtle/},
	institution = {World Wide Web Consortium},
	author = {Beckett, David and Berners-Lee, T and Prud’hommeaux, E and Carothers, G},
	year = {2014}
}

@book{rosen_discrete_2011,
	address = {New York},
	title = {Discrete {Mathematics} \& {Applications}},
	publisher = {McGraw-Hill},
	author = {Rosen, Kenneth H},
	year = {2011}
}

@incollection{rosen_graphs_2011,
	address = {New York},
	title = {Graphs and graph models},
	booktitle = {Discrete {Mathematics} \& {Applications}},
	publisher = {McGraw-Hill},
	author = {Rosen, Kenneth H},
	year = {2011},
	pages = {641--649}
}

@incollection{rosen_relations:_2011,
	address = {New York},
	title = {Relations: {Properties} and {Applications}},
	booktitle = {Discrete {Mathematics} \& {Applications}},
	publisher = {McGraw-Hill},
	author = {Rosen, Kenneth H},
	year = {2011},
	pages = {573--590}
}

@incollection{rosen_foundations:_2011,
	address = {New York},
	title = {Foundations: {Logic}},
	booktitle = {Discrete {Mathematics} \& {Applications}},
	publisher = {McGraw-Hill},
	author = {Rosen, Kenneth H},
	year = {2011},
	pages = {1--68}
}

@incollection{rosen_basic_2011,
	address = {New York},
	title = {Basic structures: sets and functions},
	booktitle = {Discrete {Mathematics} \& {Applications}},
	publisher = {McGraw-Hill},
	author = {Rosen, Kenneth H},
	year = {2011},
	pages = {113--155}
}

@incollection{rosen_finite_2011,
	address = {New York},
	title = {Finite {Automata}},
	booktitle = {Discrete {Mathematics} \& {Applications}},
	publisher = {McGraw-Hill},
	author = {Rosen, Kenneth H},
	year = {2011},
	pages = {858--877}
}

@book{pan_exploiting_2017,
	address = {Cham},
	title = {Exploiting {Linked} {Data} and {Knowledge} {Graphs} in {Large} {Organisations}},
	isbn = {978-3-319-45652-2 978-3-319-45654-6},
	url = {http://link.springer.com/10.1007/978-3-319-45654-6},
	language = {en},
	urldate = {2018-01-05},
	publisher = {Springer International Publishing},
	editor = {Pan, Jeff Z. and Vetere, Guido and Gomez-Perez, Jose Manuel and Wu, Honghan},
	year = {2017},
	note = {DOI: 10.1007/978-3-319-45654-6}
}

@incollection{pan_knowledge_2017,
	address = {Cham},
	title = {Knowledge graphs: foundations},
	isbn = {978-3-319-45652-2 978-3-319-45654-6},
	url = {http://link.springer.com/10.1007/978-3-319-45654-6},
	language = {en},
	urldate = {2018-01-05},
	booktitle = {Exploiting {Linked} {Data} and {Knowledge} {Graphs} in {Large} {Organisations}},
	publisher = {Springer International Publishing},
	editor = {Pan, Jeff Z. and Vetere, Guido and Gomez-Perez, Jose Manuel and Wu, Honghan},
	year = {2017},
	note = {DOI: 10.1007/978-3-319-45654-6},
	pages = {17--38}
}

@article{krotzsch_description_2014,
	title = {Description {Logics}},
	volume = {29},
	issn = {1541-1672},
	url = {http://ieeexplore.ieee.org/document/6671572/},
	doi = {10.1109/MIS.2013.123},
	number = {1},
	urldate = {2018-01-05},
	journal = {IEEE Intelligent Systems},
	author = {Krötzsch, Markus and Simancík, František and Horrocks, Ian},
	month = jan,
	year = {2014},
	pages = {12--19}
}

@incollection{seidl_creating_2015,
	address = {Cham, Germany},
	title = {Creating a {Class} {Diagram}},
	isbn = {978-3-319-12742-2},
	url = {http://dx.doi.org/10.1007/978-3-319-12742-2_4},
	booktitle = {{UML} @ {Classroom}: {An} {Introduction} to {Object}-{Oriented} {Modeling}},
	publisher = {Springer International Publishing},
	author = {Seidl, Martina and Scholz, Marion and Huemer, Christian and Kappel, Gerti},
	editor = {Seidl, Martina and Scholz, Marion and Huemer, Christian and Kappel, Gerti},
	year = {2015},
	pages = {76--80}
}

@incollection{van_benthem_learning_2014,
	address = {Amsterdam, NL},
	title = {Learning the language by doing},
	url = {http://www.logicinaction.org/docs/ch4.pdf},
	booktitle = {Logic in {Action}},
	publisher = {Logic in Action Open Course Project},
	author = {van Benthem, Johan and van Ditmarsch, Hans and van Eijck, Jan and Jaspars, Jan},
	year = {2014},
	keywords = {logic1},
	pages = {4.2--4.8}
}

@incollection{van_benthem_practising_2014,
	address = {Amsterdam, NL},
	title = {Practising translations},
	url = {http://www.logicinaction.org/docs/ch4.pdf},
	booktitle = {Logic in {Action}},
	publisher = {Logic in Action Open Course Project},
	author = {van Benthem, Johan and van Ditmarsch, Hans and van Eijck, Jan and Jaspars, Jan},
	year = {2014},
	keywords = {logic1},
	pages = {4.8--4.13}
}

@incollection{van_benthem_reasoning_2014,
	address = {Amsterdam, NL},
	title = {Reasoning patterns with quantifiers},
	url = {http://www.logicinaction.org/docs/ch4.pdf},
	booktitle = {Logic in {Action}},
	publisher = {Logic in Action Open Course Project},
	author = {van Benthem, Johan and van Ditmarsch, Hans and van Eijck, Jan and Jaspars, Jan},
	year = {2014},
	keywords = {logic1},
	pages = {4.13--4.16}
}

@incollection{van_benthem_formulas_2014,
	address = {Amsterdam, NL},
	title = {Formulas, situations, and pictures},
	url = {http://www.logicinaction.org/docs/ch4.pdf},
	booktitle = {Logic in {Action}},
	publisher = {Logic in Action Open Course Project},
	author = {van Benthem, Johan and van Ditmarsch, Hans and van Eijck, Jan and Jaspars, Jan},
	year = {2014},
	keywords = {logic1},
	pages = {4.17--4.25}
}

@incollection{pan_success_2017,
	address = {Cham},
	title = {Success {Stories}},
	isbn = {978-3-319-45652-2 978-3-319-45654-6},
	url = {http://dx.doi.org/10.1007/978-3-319-45654-6_8},
	language = {en},
	urldate = {2018-01-05},
	booktitle = {Exploiting {Linked} {Data} and {Knowledge} {Graphs} in {Large} {Organisations}},
	publisher = {Springer International Publishing},
	editor = {Pan, Jeff Z. and Vetere, Guido and Gomez-Perez, Jose Manuel and Wu, Honghan},
	year = {2017},
	note = {DOI: 10.1007/978-3-319-45654-6\_8},
	pages = {215--236}
}

@book{porter_handbook_2008,
	address = {Amsterdam ; Boston},
	edition = {1st ed},
	series = {Foundations of artificial intelligence},
	title = {Handbook of knowledge representation},
	isbn = {978-0-444-52211-5},
	publisher = {Elsevier},
	editor = {Porter, Bruce and Lifschitz, Vladimir and Van Harmelen, Frank},
	year = {2008},
	note = {OCLC: ocn171550939},
	keywords = {Knowledge representation (Information theory), Représentation des connaissances}
}

@incollection{porter_dls_2008,
	address = {Amsterdam ; Boston},
	edition = {1st ed},
	series = {Foundations of artificial intelligence},
	title = {{DLs} in {Ontology} {Language} {Applications}},
	isbn = {978-0-444-52211-5},
	booktitle = {Handbook of knowledge representation},
	publisher = {Elsevier},
	editor = {Porter, Bruce and Lifschitz, Vladimir and Van Harmelen, Frank},
	year = {2008},
	note = {OCLC: ocn171550939},
	keywords = {Knowledge representation (Information theory), Représentation des connaissances},
	pages = {166--168}
}

@misc{krotzsch_description_2012,
	title = {The description {Logic} {SROIQ}},
	url = {https://courses.ischool.illinois.edu/pluginfile.php/351280/mod_resource/content/1/SROIQ.pdf},
	author = {Krötzsch, Markus and Simancik, Frantisek and Horrocks, Ian},
	year = {2012}
}