
@incollection{reicher_introduction_2009,
	address = {Frankfurt},
	title = {Introduction},
	booktitle = {States of affairs},
	publisher = {Ontos Verlag},
	author = {Reicher, Maria Elisabeth},
	year = {2009},
	pages = {7--37}
}

@incollection{jubien_platonism_1997,
	address = {Cambridge MA},
	title = {Platonism},
	url = {https://courseweb.lis.illinois.edu/lis/2014fa/lis590ro/readings/Jubien97ch2-3.pdf},
	booktitle = {Contemporary {Metaphysics}: {An} {Introduction}},
	publisher = {Blackwell},
	author = {Jubien, Michael},
	year = {1997},
	pages = {36--62}
}

@incollection{ferraris_social_2011,
	address = {Dordrecht},
	series = {Law, {Governance} and {Technology} {Series}},
	title = {Social {Ontology} and {Documentality}},
	volume = {1},
	url = {http://dx.doi.org/10.1007/978-94-007-0120-5_5},
	booktitle = {Approaches to {Legal} {Ontologies}: {Theories}, {Domains}, {Methodologies}},
	publisher = {Springer Netherlands},
	author = {Ferraris, Maurizio},
	editor = {Sartor, Giovanni and Casanovas, Pompeu and Biasiotti, Mariangela and Fern√°ndez-Barrera, Meritxell},
	year = {2011},
	pages = {83--97}
}